@misc{ wiki:latex,
       author = "Wikipedia",
       title = "LaTeX --- Wikipedia{,} La enciclopedia libre",
       year = "2015",
       url = "https://es.wikipedia.org/w/index.php?title=LaTeX&oldid=84209252",
       note = "[Internet; descargado 30-septiembre-2015]"
}

@misc{ intelligent:ml,
       author = "Intelligent",
       title = "Machine Learning: qué es y cómo funciona",
       year = "2020",
       url = "https://itelligent.es/es/machine-learning-que-es-como-funciona/",
       note = "[Internet; descargado 27-octubre-2022]"
}

@misc{pascual:ml,
  author       = {Pascual Parada Torralba},
  title        = {¿Qué es el Machine Learning? Aprendizaje supervisado vs no supervisado},
  year         = {2022},
  url = "https://www.iebschool.com/blog/que-machine-learning-big-data/",
  note = "[Internet; descargado 27-octubre-2022]"
}

@misc{neova:taxonomy,
  author       = {Neova Tech Solutions},
  title        = {Machine Learning Algorithms: Beginners Guide Part 1},
  year         = {2018},
  url = "https://www.neovasolutions.com/2018/06/06/machine-learning-algorithms-beginners-guide-part-1/",
  note = "[Internet; descargado 27-octubre-2022]"
}

@article{supervised:salim,
author = {Dridi, Salim},
year = {2021},
month = {09},
pages = {},
title = {Supervised Learning - A Systematic Literature Review},
doi = {10.13140/RG.2.2.34445.67049}
}
@


